<record><leader>00000cas a22000007a 4500</leader><controlfield tag="001">16954923</controlfield><controlfield tag="008">871109u1975uuuunyuwr ne      0    0eng d</controlfield><datafield ind1=" " ind2=" " tag="010"><subfield code="a">sn 87070409 </subfield></datafield><datafield ind1=" " ind2=" " tag="040"><subfield code="a">NYS</subfield><subfield code="b">eng</subfield><subfield code="c">NYS</subfield><subfield code="d">OCLCQ</subfield></datafield><datafield ind1=" " ind2=" " tag="042"><subfield code="a">msc</subfield></datafield><datafield ind1="0" ind2="0" tag="245"><subfield code="a">Lake George phoenix.</subfield></datafield><datafield ind1="3" ind2="0" tag="246"><subfield code="a">Phoenix of Lake George</subfield></datafield><datafield ind1=" " ind2=" " tag="260"><subfield code="a">Lake George, N.Y. :</subfield><subfield code="b">[s.n.]</subfield></datafield><datafield ind1=" " ind2=" " tag="300"><subfield code="a">v.</subfield></datafield><datafield ind1=" " ind2=" " tag="310"><subfield code="a">Weekly,</subfield><subfield code="b">May 27, 1976-</subfield></datafield><datafield ind1=" " ind2=" " tag="321"><subfield code="a">Weekly,</subfield><subfield code="b">Jan. 16, 1975-May 29, 1975</subfield></datafield><datafield ind1=" " ind2=" " tag="321"><subfield code="a">Biweekly,</subfield><subfield code="b">June 12, 1975-May 13, 1976</subfield></datafield><datafield ind1="0" ind2=" " tag="362"><subfield code="a">Vol. 1, no. 1 (Jan. 16, 1975)-</subfield></datafield><datafield ind1=" " ind2=" " tag="500"><subfield code="a">Variant title &lt;1975-1976&gt;: The Phoenix of Lake George.</subfield></datafield><datafield ind1=" " ind2=" " tag="515"><subfield code="a">Suspended with Jan. 23, 1975 issue; resumed with Feb. 6, 1975 issue.</subfield></datafield><datafield ind1=" " ind2="4" tag="651"><subfield code="a">Lake George (N.Y.)</subfield><subfield code="v">Newspapers.</subfield></datafield><datafield ind1=" " ind2=" " tag="752"><subfield code="a">United States</subfield><subfield code="b">New York</subfield><subfield code="c">Warren</subfield><subfield code="d">Lake George.</subfield></datafield><datafield ind1="1" ind2=" " tag="029"><subfield code="a">AU@</subfield><subfield code="b">000025797565</subfield></datafield></record>